%%%%%%%%%%%%%%%%%%%%%%%%%%%%%%%%%%%%%%%%%%%%%%%%%%%%%%%%%%%%%%%%%%%%%%%%%%
% Referencias bibliograficas utilizadas
% Para mais informações ver documentação do abntex2 e http://www.bibtex.org/
%%%%%%%%%%%%%%%%%%%%%%%%%%%%%%%%%%%%%%%%%%%%%%%%%%%%%%%%%%%%%%%%%%%%%%%%%%

% https://github.com/AdrianoRuseler/abntex2-modelo-experimento/blob/master/abntex2-modelo-references.bib

@article{de2006relaccao,
  title={Rela{\c{c}}{\~a}o entre personalidades vocacionais e estilos interpessoais},
  author={de Oliveira Magalh{\~a}es, Mauro},
  journal={Revista Brasileira de Orienta{\c{c}}{\~a}o Profissional},
  volume={7},
  number={1},
  pages={11--22},
  year={2006},
  publisher={Associa{\c{c}}{\~a}o Brasileira de Orienta{\c{c}}{\~a}o Profissional}
}

@inproceedings{lopes2022fim,
  author       = {LOPES, Talisson De Sousa and others},
  title        = {Fim do ensino médio e os desafios para a escolha profissional},
  booktitle    = {Anais VIII CONEDU},
  year         = {2022},
  address      = {Campina Grande},
  publisher    = {Realize Editora},
  url          = {https://editorarealize.com.br/artigo/visualizar/88466},
  note         = {Acesso em: 05/04/2024}
}

@article{de2012acesso,
  title={Acesso ao ensino superior no Brasil: equidade e desigualdade social},
  author={de Andrade, Cibele Yahn},
  journal={Revista Ensino Superior Unicamp},
  volume={6},
  pages={18--27},
  year={2012}
}

@article{alvarenga2012desafios,
  title={Desafios do ensino superior para estudantes de escola p{\'u}blica: um estudo na UFLA},
  author={Alvarenga, Carolina Faria and Sales, Aline Pereira and da Costa, Adriano Dias and da Costa, Maur{\'\i}cio Donizete and Veroneze, Ricardo Braga and Santos, Thiago Lima Bahia},
  journal={Revista Pensamento Contempor{\^a}neo em Administra{\c{c}}{\~a}o},
  volume={6},
  number={1},
  pages={55--71},
  year={2012},
  publisher={Universidade Federal Fluminense}
}

@article{matos2012impacto,
  title={O impacto do Programa de Inclus{\~a}o Social da Universidade de S{\~a}o Paulo no acesso de estudantes de escola p{\'u}blica ao ensino superior p{\'u}blico gratuito},
  author={Matos, Mauricio dos Santos and Pimenta, Selma Garrido and Almeida, Maria Isabel de and Oliveira, Maria Am{\'e}lia de Campos},
  journal={Revista Brasileira de Estudos Pedag{\'o}gicos},
  volume={93},
  number={235},
  pages={720--742},
  year={2012},
  publisher={INEP}

@article{alves2022tecnologia,
  title={Tecnologia na educa{\c{c}}{\~a}o: reflex{\~a}o para uma pr{\'a}tica docente Technology in education: reflection for a teacher practice},
  author={Alves, Eliene Fernandes Pereira},
  journal={Brazilian Journal of Development},
  volume={8},
  number={1},
  pages={4227--4238},
  year={2022}
}